@Comment А вот так оформляется библиография при помощи BibTeX.

@Book{Cherchin'yani,
  author    = {К. Черчиньяни},
  title     = {Теория и приложения уравнения Больцмана},
  publisher = {М.: Мир},
  year      = {1978},
  numpages  = {495},
  language  = "russian"
}

@article{Zobnin2009,
  author    = {А.В. Зобнин},
  title     = {Нелокальная модель пространственно-неоднородного положительно столба разряда постоянного тока},
  journal   = {Теплофизика высоких температур},
  volume    = {47},
  number    = {6},
  year      = {2009},
  pages     = {803--810},
  language  = "russian"
}

@article{Tsendin,
  author    = {Л.Д. Цендин},
  title     = {Нелокальная кинетика электронов в газоразрядной плазме},
  journal   = {Успехи физических наук},
  volume    = {180},
  number    = {2},
  year      = {2010},
  pages     = {139--164},
  language  = "russian"
}

@article{Pustylnik,
 author    = {Pustylnik, M. Y. and others},
 title     = {Plasmakristall-4: New complex (dusty) plasma laboratory on board the International Space Station},
 journal   = {Rev. Sci. Instrum.},
 year      = {2016},
 volume    = {87},
 pages     = {093505},
}

@article{Nefedov,
 author    = {Nefedov, A.P. and Morfill, G.E. and Fortov, V.E. and others},
 title     = {PKE--Nefedov: plasma crystal experiments on the International Space Station},
 journal   = {New J. Phys.},
 volume    = {5},
 pages     = {33},
 year      = {2003}
}

@article{Thomas,
 author    = {Thomas, H.M. and Morfill, G.E. and Fortov, V.E. and others},
 title     = {Complex plasma laboratory PK-3 plus on the international space station},
 journal   = {New J. Phys.},
 volume    = {10},
 pages     = {033036},
 year      = {2008}
}

@article{Usachev,
 author    = {Usachev, A. D. and Zobnin, A. V. and Petrov, O. F. and others},
 title     = {Elongated dust clouds in a uniform DC positive column of low pressure gas discharge},
 journal   = {Plasma Sources Sci. Technol.},
 volume    = {25},
 pages     = {035009},
 year      = {2016}
}

@article{Usachev-Elbrus,
 author    = {Usachev, A. D. and others},
 title     = {Influence of dust particles on the neon spectral line intensities at the uniform positive column of dc discharge at the space apparatus “Plasma Kristall-4”},
 journal   = {J. Phys.: Conf. Ser.},
 volume    = {946},
 pages     = {012143},
 year      = {2018}
}

@article{Fortov,
 author    = {Fortov, V.E. and Nefedov, A.P. and Torchinskii, V.M. and Molotkov, V.I. and Khrapak, A.G. and Petrov, O.F. and Volykhin, K.F.},
 title     = {Crystallization of a dusty plasma in the positive column of a glow discharge},
 journal   = {JETP Lett.},
 volume    = {64},
 number    = {2},
 pages     = {92--8},
 year      = {1996}
}

@Book{Django,
 author    = {Django Software Foundation},
 title     = {Django Documentation Release 2.1.dev20180424030402},
 numpages  = {1870},
 year      = {2018, April}
}

@Book{PostgreSQL,
 author    = {The PostgreSQL Global Development Group},
 title     = {PostgreSQL 9.6.9 Documentation},
 numpages  = {3345},
 year      = {2018}
}

@Book{Numpy,
 author    = {The NumPy Community},
 title     = {NumPy User Guide Release 1.14.2},
 numpages  = {143},
 year      = {2018, April}
}

@Book{Scipy,
 author    = {The SciPy Community},
 title     = {SciPy Reference Guide Release 1.0.0},
 numpages  = {2111},
 year      = {2017, October}
}

@Book{Ochkin,
  author    = {В.Н. Очкин},
  title     = {Спектроскопия низкотемпературной плазмы},
  publisher = {ФИЗМАТЛИТ},
  year      = {2006},
  numpages  = {472},
  pages     = {32},
  language  = "russian"
}

@article{Kolobov,
 author    = {Kolobov, V.I. and Arslanbekov, R.R.},
 title     = {Simulation of Electron Kinetics in Gas Discharges},
 journal   = {IEEE TRANSACTIONS ON PLASMA SCIENCE},
 volume    = {34},
 number    = {3},
 pages     = {895--909},
 year      = {2006},
 language  = "english"
}

@Book{Kolesnikov,
  author    = {В.Н. Колесников},
  title     = {Спектроскопическая диагностика плазмы: Учебное пособие},
  publisher = {М.: МИФИ},
  year      = {2007},
  numpages  = {220},
  language  = "russian"
}

@online{NIST,
  author = {NIST},
  title = {Atomic Spectra Database},
  year = 2018,
  url = {https://www.nist.gov/pml/atomic-spectra-database},
  urldate = {2018-06-30}
}

@article{Kostenko,
 author    = {Костенко, А.С. and Очкин, В.Н. and Цхай, С.Н.},
 title     = {Влияние пылевых частиц на интенсивности спектральных линий плазмы},
 journal   = {Письма в ЖТФ},
 volume    = {42},
 number    = {14},
 pages     = {59--65},
 year      = {2016},
 language  = "russian"
}

@article{Pikalev2018,
 author    = {Pikalev, A. and Kobylin, V. and Semenov, A.},
 title     = {Spectral Study of Glow Discharge With Dusty Structures},
 journal   = {IEEE TRANSACTIONS ON PLASMA SCIENCE},
 volume    = {46},
 number    = {4},
 pages     = {698--700},
 year      = {April 2018},
 language  = "english"
}

@article{Samsonov1999,
 author    = {Samsonov, D. and Goree, J.},
 title     = {Line Ratio Imaging of a Gas Discharge},
 journal   = {IEEE TRANSACTIONS ON PLASMA SCIENCE},
 volume    = {27},
 number    = {1},
 pages     = {76--77},
 year      = {February 1999},
 language  = "english"
}

@article{Pikalev2014,
 author    = {Pikalev, A.A. and Luizova, L.A.},
 title     = {Research Into a Neon Spectral Line Profile of Dusty Plasma},
 journal   = {ISSN 2071-0186. Ukr. J. Phys.},
 volume    = {59},
 number    = {4},
 pages     = {375--378},
 year      = {2014},
 language  = "english"
}

@article{Mitic2009,
 author    = {Mitic, S. and others},
 title     = {Spectroscopic evaluation of the effect of the microparticles on radiofrequency argon plasma},
 journal   = {New J. Phys},
 volume    = {11},
 pages     = {083020},
 year      = {2009},
 language  = "english"
}

@article{Zobnin2018,
  author    = {Zobnin, A.V. and others},
  title     = {Two-dimensional positive column structure with dust cloud: Experiment and nonlocal kinetic simulation},
  journal   = {Physics of Plasmas},
  volume    = {25},
  year      = {2018},
  pages     = {033702},
  language  = "english"
}

@article{Zobnin2014,
  author    = {Zobnin, A.V. and Usachev, A.D. and Petrov, O.F. and Fortov, V.E.},
  title     = {Two-dimensional positive column structure in a discharge tube with radius discontinuity.},
  journal   = {Physics of Plasmas},
  volume    = {21},
  year      = {2014},
  pages     = {113503},
  language  = "english"
}

@Book{Lohte1971,
  author    = {Лохте-Хольтгревен, В.},
  title     = {Методы исследования плазмы.},
  publisher = {Издательство «МИР»},
  year      = {1971},
  numpages  = {552},
  language  = "russian"
}

@article{TRINITI,
  author = {Паль, А.Ф. and Сивохин, Д.В. and Старостин, А.Н. and Филиппов, А.В.},
  title = {Определение заряда пылевых частиц по штарковскому уширению спектральных линий атомов водорода.},
  year = 2002,
  journal   = {Сборник лекций и докладов Школы-семинара «Методы и техника экспериментального исследования процессов
  самоорганизации упорядоченных структур в плазменно-пылевых образованиях» (2002 г.) и Школы молодых ученых
  «Актуальные проблемы приложений физики низкотемпературной плазмы» (2003 г.). г. Петрозаводск.},
  language  = "russian"
}

@Book{Stritanov1966,
  author    = {Стританов, А.Р. and Свентицкий, Н.С.},
  title     = {Таблицы спектральных линий нейтральных и ионизированных атомов.},
  publisher = {АТОМИЗДАТ},
  year      = {1966},
  numpages  = {898},
  language  = "english"
}